@comment{% @book{Parlett1998,
%   title     = {The Symmetric Eigenvalue Problem},
%   ISBN      = {9781611971163},
%   url       = {http://dx.doi.org/10.1137/1.9781611971163},
%   DOI       = {10.1137/1.9781611971163},
%   publisher = {Society for Industrial and Applied Mathematics},
%   author    = {Parlett,  Beresford N.},
%   year      = {1998},
%   month     = jan,
%   note      = {стр. 131-139 - анализ ошибки при трансформации матрицы при помощи поворотов Гивенса}
% }

@article{Demmel1990,
 author = {Demmel,  James and Kahan,  W.},
 doi = {10.1137/0911052},
 issn = {2168-3417},
 journal = {SIAM Journal on Scientific and Statistical Computing},
 month = {sep},
 number = {5},
 pages = {873–912},
 publisher = {Society for Industrial & Applied Mathematics (SIAM)},
 title = {Accurate Singular Values of Bidiagonal Matrices},
 url = {http://dx.doi.org/10.1137/0911052},
 volume = {11},
 year = {1990}
}

@article{Dongarra2018,
 author = {Dongarra,  Jack and Gates,  Mark and Haidar,  Azzam and Kurzak,  Jakub and Luszczek,  Piotr and Tomov,  Stanimire and Yamazaki,  Ichitaro},
 doi = {10.1137/17m1117732},
 issn = {1095-7200},
 journal = {SIAM Review},
 month = {jan},
 number = {4},
 pages = {808–865},
 publisher = {Society for Industrial & Applied Mathematics (SIAM)},
 title = {The Singular Value Decomposition: Anatomy of Optimizing an Algorithm for Extreme Scale},
 url = {http://dx.doi.org/10.1137/17M1117732},
 volume = {60},
 year = {2018}
}

@article{Forsythe1960,
 author = {Forsythe,  G. E. and Henrici,  P.},
 doi = {10.1090/s0002-9947-1960-0109825-2},
 issn = {1088-6850},
 journal = {Transactions of the American Mathematical Society},
 number = {1},
 pages = {1–23},
 publisher = {American Mathematical Society (AMS)},
 title = {The cyclic Jacobi method for computing the principal values of a complex matrix},
 url = {http://dx.doi.org/10.1090/S0002-9947-1960-0109825-2},
 volume = {94},
 year = {1960}
}

@book{Golub2013,
 author = {Golub,  Gene},
 doi = {10.56021/9781421407944},
 isbn = {9781421408590},
 note = {\foreignlanguage{russian}{Подробную информацию о разложении по сингулярным числам и двухдиагональных матрицах см. в разделе 8.6.1.}},
 publisher = {Johns Hopkins University Press},
 title = {Matrix Computations},
 url = {http://dx.doi.org/10.56021/9781421407944},
 year = {2013}
}

@article{mr3_algo4triagonal_sym_eigen_and_bidiagSVD,
 author = {Bischof, Christian H. and Quintana-Ortí, Enrique S. and Van Loan, Charles F.},
 doi = {10.1007/s00211-011-0393-7},
 journal = {Numerische Mathematik},
 note = {p. 125.},
 number = {1},
 pages = {123--143},
 school = {Wuppertal, Bergische Universit{\"a}t, Diss., 2010},
 title = {On MR3-type Algorithms for the Tridiagonal Symmetric Eigenproblem and the Bidiagonal SVD},
 url = {https://d-nb.info/1002687853/34},
 volume = {99},
 year = {2011}
}

@article{Stewart1993,
 author = {Stewart,  G. W.},
 doi = {10.1137/1035134},
 issn = {1095-7200},
 journal = {SIAM Review},
 month = {dec},
 number = {4},
 pages = {551–566},
 publisher = {Society for Industrial & Applied Mathematics (SIAM)},
 title = {On the Early History of the Singular Value Decomposition},
 url = {http://dx.doi.org/10.1137/1035134},
 volume = {35},
 year = {1993}
}

@article{deRijk1989,
  title = {A One-Sided Jacobi Algorithm for Computing the Singular Value Decomposition on a Vector Computer},
  volume = {10},
  ISSN = {2168-3417},
  url = {http://dx.doi.org/10.1137/0910023},
  DOI = {10.1137/0910023},
  number = {2},
  journal = {SIAM Journal on Scientific and Statistical Computing},
  publisher = {Society for Industrial & Applied Mathematics (SIAM)},
  author = {de Rijk,  P. P. M.},
  year = {1989},
  month = mar,
  pages = {359–371}
}

@book{Anderson1999,
  title = {LAPACK Users’ Guide},
  ISBN = {9780898719604},
  url = {http://dx.doi.org/10.1137/1.9780898719604},
  DOI = {10.1137/1.9780898719604},
  publisher = {Society for Industrial and Applied Mathematics},
  author = {Anderson,  E. and Bai,  Z. and Bischof,  C. and Blackford,  L. S. and Demmel,  J. and Dongarra,  J. and Du Croz,  J. and Greenbaum,  A. and Hammarling,  S. and McKenney,  A. and Sorensen,  D.},
  year = {1999},
  month = jan 
}

@techreport{10.5555/867597,
author = {Brent, Richard P. and Luk, Franklin T. and Van Loan, Charles},
title = {Computation of the Singular Value Decomposition Using Mesh-Connected Processors},
year = {1983},
publisher = {Cornell University},
address = {USA},
abstract = {A cyclic Jacobi method for computing the singular value decomposition of an $mxn$ matrix $(m geq n)$ using systolic arrays is proposed. The algorithm requires $O(n^{2})$ processors and $O(m + n log n)$ units of time.}
}