% TODO убрать что не используется

% articles

% https://pure.manchester.ac.uk/ws/files/82231456/17m1117732.pdf
@article{Dongarra2018,
  title = {The Singular Value Decomposition: Anatomy of Optimizing an Algorithm for Extreme Scale},
  volume = {60},
  ISSN = {1095-7200},
  url = {http://dx.doi.org/10.1137/17M1117732},
  DOI = {10.1137/17m1117732},
  number = {4},
  journal = {SIAM Review},
  publisher = {Society for Industrial & Applied Mathematics (SIAM)},
  author = {Dongarra,  Jack and Gates,  Mark and Haidar,  Azzam and Kurzak,  Jakub and Luszczek,  Piotr and Tomov,  Stanimire and Yamazaki,  Ichitaro},
  year = {2018},
  month = jan,
  pages = {808–865}
}

@article{Stewart1993,
  title = {On the Early History of the Singular Value Decomposition},
  volume = {35},
  ISSN = {1095-7200},
  url = {http://dx.doi.org/10.1137/1035134},
  DOI = {10.1137/1035134},
  number = {4},
  journal = {SIAM Review},
  publisher = {Society for Industrial & Applied Mathematics (SIAM)},
  author = {Stewart,  G. W.},
  year = {1993},
  month = dec,
  pages = {551–566}
}

%  https://d-nb.info/1002687853/34
@article{mr3_algo4triagonal_sym_eigen_and_bidiagSVD,
  author    = {Bischof, Christian H. and Quintana-Ortí, Enrique S. and Van Loan, Charles F.},
  title     = {On MR3-type Algorithms for the Tridiagonal Symmetric Eigenproblem and the Bidiagonal SVD},
  journal   = {Numerische Mathematik},
  year      = {2011},
  volume    = {99},
  number    = {1},
  pages     = {123--143},
  doi       = {10.1007/s00211-011-0393-7},
  url       = {https://d-nb.info/1002687853/34},
  note      = {p. 125.},
  school={Wuppertal, Bergische Universit{\"a}t, Diss., 2010},
}
% possible doi = {10.1007/s00211-011-0393-7},

% то же самое что lawn03
@article{Demmel1990,
  title = {Accurate Singular Values of Bidiagonal Matrices},
  volume = {11},
  ISSN = {2168-3417},
  url = {http://dx.doi.org/10.1137/0911052},
  DOI = {10.1137/0911052},
  number = {5},
  journal = {SIAM Journal on Scientific and Statistical Computing},
  publisher = {Society for Industrial & Applied Mathematics (SIAM)},
  author = {Demmel,  James and Kahan,  W.},
  year = {1990},
  month = sep,
  pages = {873–912}
}

% books

@book{Golub2013,
  author    = {Golub, Gene H. and Van Loan, Charles F.},
  title     = {Matrix Computations},
  edition   = {4th},
  publisher = {Johns Hopkins University Press},
  year      = {2013},
  address   = {Baltimore, MD},
  isbn      = {978-1-4214-0859-0},
  url       = {https://books.google.com/books/about/Matrix_Computations.html?id=X5YfsuCWpxMC},
  note      = {See Section 8.6.1 for details on singular value decomposition and bidiagonal matrices.}
}

%@book{Parlett1998,
%  title     = {The Symmetric Eigenvalue Problem},
%  ISBN      = {9781611971163},
%  url       = {http://dx.doi.org/10.1137/1.9781611971163},
%  DOI       = {10.1137/1.9781611971163},
%  publisher = {Society for Industrial and Applied Mathematics},
%  author    = {Parlett,  Beresford N.},
%  year      = {1998},
%  month     = jan,
%  note      = {стр. 131-139 - анализ ошибки при трансформации матрицы при помощи поворотов Гивенса}
%}

% sites

@site{lapack_dgebrd,
  title = {Lapack library documentation},
  URL = {https://netlib.org/lapack/explore-html/dc/d1c/group__gebrd_ga1314f3a906c316785fe32996698901a8.html}
}

% https://netlib.org/lapack/explore-html/d6/d51/group__bdsqr_gade20fbf9c91aa7de0c3d565b39588dc5.html#gade20fbf9c91aa7de0c3d565b39588dc5
@site{lapack_dbdsqr,
  title = {Lapack library documentation2},
  URL = {https://man.archlinux.org/man/dbdsqr.3.en}
}

